<collection xmlns="http://www.loc.gov/MARC21/slim">
   <record>
      <leader>02165nam a22004218a 4500</leader>
      <controlfield tag="001">6849279</controlfield>
      <controlfield tag="003">UkCbUP</controlfield>
      <controlfield tag="005">20150305021018.0</controlfield>
      <controlfield tag="006">m|||||o||d||||||||</controlfield>
      <controlfield tag="007">cr||||||||||||</controlfield>
      <controlfield tag="008">120926r2015||||enk     o     ||1 0|eng|d</controlfield>
      <datafield ind1=" " ind2=" " tag="020">
         <subfield code="a">9781139794749 (ebook)</subfield>
      </datafield>
      <datafield ind1=" " ind2=" " tag="020">
         <subfield code="z">9781107037656 (hardback)</subfield>
      </datafield>
      <datafield ind1=" " ind2=" " tag="039">
         <subfield code="a">exclude</subfield>
      </datafield>
      <datafield ind1=" " ind2=" " tag="040">
         <subfield code="a">UkCbUP</subfield>
         <subfield code="c">UkCbUP</subfield>
         <subfield code="e">rda</subfield>
         <subfield code="d">AEU</subfield>
      </datafield>
      <datafield ind1=" " ind2=" " tag="090">
         <subfield code="a">Internet Access</subfield>
         <subfield code="b">AEU</subfield>
      </datafield>
      <datafield ind1="0" ind2="0" tag="245">
         <subfield code="a">Parasite Diversity and Diversification :</subfield>
         <subfield code="b">Evolutionary Ecology Meets Phylogenetics /</subfield>
         <subfield code="c">Edited by Serge Morand, Boris R. Krasnov, D. Timothy J. Littlewood.</subfield>
      </datafield>
      <datafield ind1="3" ind2=" " tag="246">
         <subfield code="a">Parasite Diversity &amp; Diversification</subfield>
      </datafield>
      <datafield ind1=" " ind2="1" tag="264">
         <subfield code="a">Cambridge :</subfield>
         <subfield code="b">Cambridge University Press,</subfield>
         <subfield code="c">2015.</subfield>
      </datafield>
      <datafield ind1=" " ind2=" " tag="300">
         <subfield code="a">1 online resource (488 pages) :</subfield>
         <subfield code="b">digital, PDF file(s).</subfield>
      </datafield>
      <datafield ind1=" " ind2=" " tag="336">
         <subfield code="a">text</subfield>
         <subfield code="b">txt</subfield>
         <subfield code="2">rdacontent</subfield>
         <subfield code="0">http://id.loc.gov/vocabulary/contentTypes/txt</subfield>
      </datafield>
      <datafield ind1=" " ind2=" " tag="337">
         <subfield code="a">computer</subfield>
         <subfield code="b">c</subfield>
         <subfield code="2">rdamedia</subfield>
         <subfield code="0">http://id.loc.gov/vocabulary/mediaTypes/c</subfield>
      </datafield>
      <datafield ind1=" " ind2=" " tag="338">
         <subfield code="a">online resource</subfield>
         <subfield code="b">cr</subfield>
         <subfield code="2">rdacarrier</subfield>
         <subfield code="0">http://id.loc.gov/vocabulary/carriers/cr</subfield>
      </datafield>
      <datafield ind1=" " ind2=" " tag="500">
         <subfield code="a">Title from publisher's bibliographic system (viewed on 05 Mar 2015).</subfield>
      </datafield>
      <datafield ind1=" " ind2=" " tag="506">
         <subfield code="a">Access restricted to authorized users and institutions.</subfield>
      </datafield>
      <datafield ind1=" " ind2=" " tag="596">
         <subfield code="a">44</subfield>
      </datafield>
      <datafield ind1="1" ind2="2" tag="650">
         <subfield code="a">Genetic Variation.</subfield>
         <subfield code="0">http://id.nlm.nih.gov/mesh/D014644</subfield>
      </datafield>
      <datafield ind1="1" ind2="2" tag="650">
         <subfield code="a">Parasites.</subfield>
         <subfield code="0">http://id.nlm.nih.gov/mesh/D010271</subfield>
      </datafield>
      <datafield ind1="2" ind2="2" tag="650">
         <subfield code="a">Host-Parasite Interactions.</subfield>
         <subfield code="0">http://id.nlm.nih.gov/mesh/D006790</subfield>
      </datafield>
      <datafield ind1="2" ind2="2" tag="650">
         <subfield code="a">Phylogeography</subfield>
         <subfield code="x">methods.</subfield>
         <subfield code="0">http://id.nlm.nih.gov/mesh/D058974Q000379</subfield>
      </datafield>
      <datafield ind1="1" ind2=" " tag="700">
         <subfield code="a">Morand, Serge,</subfield>
         <subfield code="e">editor of compilation.</subfield>
         <subfield code="0">http://id.loc.gov/authorities/names/n00014345</subfield>
         <subfield code="0">http://viaf.org/viaf/17324943</subfield>
      </datafield>
      <datafield ind1="1" ind2=" " tag="700">
         <subfield code="a">Krasnov, Boris R.,</subfield>
         <subfield code="e">editor of compilation.</subfield>
         <subfield code="0">http://viaf.org/viaf/117240105</subfield>
      </datafield>
      <datafield ind1="1" ind2=" " tag="700">
         <subfield code="a">Littlewood, D. Timothy J.,</subfield>
         <subfield code="e">editor of compilation.</subfield>
         <subfield code="0">http://viaf.org/viaf/54399798</subfield>
      </datafield>
      <datafield ind1=" " ind2=" " tag="758">
         <subfield code="0">http://worldcat.org/entity/work/id/2867129864</subfield>
      </datafield>
      <datafield ind1="0" ind2=" " tag="787">
         <subfield code="n">OCLC Work Id</subfield>
         <subfield code="o">http://worldcat.org/entity/work/id/2867129864</subfield>
      </datafield>
      <datafield ind1="4" ind2="0" tag="856">
         <subfield code="3">University of Alberta Access</subfield>
         <subfield code="u">http://dx.doi.org/10.1017/CBO9781139794749</subfield>
      </datafield>
      <datafield ind1=" " ind2=" " tag="949">
         <subfield code="h">UAIN</subfield>
         <subfield code="z">CBO</subfield>
      </datafield>
      <datafield ind1=" " ind2=" " tag="926">
         <subfield code="a">Internet Access</subfield>
         <subfield code="w">LC</subfield>
         <subfield code="c">1</subfield>
         <subfield code="i">6849279-1001</subfield>
         <subfield code="l">INTERNET</subfield>
         <subfield code="m">UAINTERNET</subfield>
         <subfield code="r">Y</subfield>
         <subfield code="s">Y</subfield>
         <subfield code="t">E-RESOURCE</subfield>
         <subfield code="u">3/5/2015</subfield>
         <subfield code="x">E-BOOK</subfield>
         <subfield code="z">CBO</subfield>
      </datafield>
   </record>
</collection>
